@article{brower1971,
	title = {Avian feeding behaviour and the selective advantage of incipient mimicry},
	author = {Brower,, L. P. and Alcock, J and Brower,, J. V. Z.},
	journal = {Ecological genetics and evolution},
	pages = {261--274},
	year = {1971},
	publisher = {Blackwell Scientific},
	address = {Oxford},
}

@book{eiben2003,
	author    = "Eiben, A. E. and Smith, J. E.",
	title     = "Introduction to Evolutionary Computing",
	year      = "2003",
	publisher = "Springer",
	address = "New York"
}

@book{edelman1988,
	author    = "G. M. Edelman",
	title     = "Topobiology: An Introduction to Molecular Embryology",
	year      = "1988",
	publisher = "Basic Books",
	address = "New York"
}

@article{fisher1927,
	title = {On some objections to mimicry theory - statistical and genetic},
	author = {Fisher, R. A.},
	journal = {Transactions of the Royal Entomological Society of London},
	volume = {75},
	pages = {269--278},
	year = {1927},
}

@book{fisher1930,
	author    = "R. A. Fisher",
	title     = "The genetical theory of natural selection",
	year      = "1930",
	publisher = "Methuen",
	address = "London"
}

@inproceedings{franks2002,
	author = {Franks,, Daniel W. and Noble,, Jason},
	title = {Conditions for the evolution of mimicry},
	booktitle = {ICSAB: Proceedings of the seventh international conference on simulation of adaptive behavior on From animals to animats},
	year = {2002},
	isbn = {0-262-58217-1},
	pages = {353--354},
	publisher = {MIT Press},
	address = {Cambridge, MA, USA},
}

@inproceedings{franks2003,
	author = {Franks,, Daniel W. and Noble,, Jason},
	title = {The origins of mimicry rings},
	booktitle = {ICAL 2003: Proceedings of the eighth international conference on Artificial life},
	year = {2003},
	isbn = {0-262-69281-3},
	pages = {186--191},
	publisher = {MIT Press},
	address = {Cambridge, MA, USA},
}

@inproceedings{franks2004,
	author = {Franks,, Daniel W. and Noble,, Jason},
	title = {Batesian mimics influence mimicry ring evolution},
	booktitle = {Proceedings of the Royal Society B: Biological Sciences},
	year = {2004},
	pages = {191--196},
}

@article{goldschmidt1945,
	jstor_articletype = {primary_article},
	title = {Mimetic Polymorphism, a Controversial Chapter of Darwinism (Concluded)},
	author = {Goldschmidt, Richard B.},
	journal = {The Quarterly Review of Biology},
	jstor_issuetitle = {},
	volume = {20},
	number = {3},
	jstor_formatteddate = {Sep., 1945},
	pages = {205--230},
	url = {http://www.jstor.org/stable/2808870},
	ISSN = {00335770},
	abstract = {},
	language = {},
	year = {1945},
	publisher = {The University of Chicago Press},    
	copyright = {Copyright © 1945 The University of Chicago Press},
}

@inproceedings{grogono2003,
	author = {Grogono,, Peter and Chen,, GuoRong and Song,, JunFeng and Yang,, Tao and Zhao,, Lei},
	title = {Laws and life},
	booktitle = {ASC 2003: Proceedings of the 7th IASTED Conference on Artificial Intelligence and Soft Computing},
	year = {2003},
	pages = {158--163},
	publisher = {International Association of Science and Technology for Development},
}

@article{hillis1990,
	author = {Hillis, Daniel W.},
	title = {Co-evolving parasites improve simulated evolution as an optimization procedure},
	journal = {Phys. D},
	volume = {42},
	number = {1-3},
	year = {1990},
	issn = {0167-2789},
	pages = {228--234},
	doi = {http://dx.doi.org/10.1016/0167-2789(90)90076-2},
	publisher = {Elsevier Science Publishers B. V.},
	address = {Amsterdam, The Netherlands, The Netherlands},
}

@book{holland1996,
  author = {Holland, John H.},
	title     = "Hidden order: how adaptation builds complexity",
	year      = "1996",
	publisher = "Basic Books"
}

@book{holland1975,
    address = {Cambridge, MA, USA},
    author = {Holland, John H.},
    citeulike-article-id = {1281572},
    citeulike-linkout-0 = {http://portal.acm.org/citation.cfm?id=129194},
    isbn = {0-262-58111-6},
    keywords = {adaptability, complex\_system},
    posted-at = {2007-05-07 08:25:22},
    priority = {2},
    publisher = {MIT Press},
    title = {{Adaptation in natural and artificial systems}},
    url = {http://portal.acm.org/citation.cfm?id=129194},
    year = {1992}
}

@book{koza1992,
  author = {Koza, John R.},
	title     = "Genetic programming:on the programming of computers by means of natural selection",
	year      = "1992",
	publisher = "MIT Press"
}

@article{hraber1997,
	title = {The Ecology of Echo},
	author = {Hraber, Peter T. and Jones, Terry and Forrest, Stephanie},
	journal = {Artificial Life},
	volume = {3},
	pages = {165--190},
	year = {1997},
}

@article{huheey1988,
	title = {Supplement: Mimicry and the Evolutionary Process},
	author = {Huheey, James E.},
	journal = {The American Naturalist},
	volume = {131},
	pages = {S22--S41},
	year = {1988},
}

@book{nicholson1927,
	author    = "A. J. Nicholson",
	title     = "A new theory of mimicry in insects",
	year      = "1927",
	publisher = "Royal Zoological Society of New South Wales",
}

@book{punnett1915,
	author    = "R. C. Punnett",
	title     = "Mimicry in butterflies",
	year      = "1915",
	publisher = "Cambridge University Press",
	address = "Cambridge"
}

@book{poulton1912,
	author    = "E. B. Poulton",
	title     = "Darwin and Bergson on the interpretation of evolution",
	year      = "1912",
	publisher = "Bedrock",
}

@inproceedings{sherratt2002,
	author = {Sherratt, Thomas N},
	title = {The coevolution of warning signals},
	booktitle = {Proceedings of The Royal Society on Biological Sciences},
	year = {2002},
	pages = {741--746},
}

@article{turner1984,
	title = {Mimicry: the palatability spectrum and its consequences},
	author = {Turner, John R. G.},
	editor = {Vane-Wright,, R. I. and Ackery,, P.R.},
	journal = {The Boilogy of Butterflies (Royal Entomological Society of London Symposium)},
	number = {11},
	pages = {141--161},
	year = {1984},
	publisher = {Academic Press},
	address = {New York},
}

@article{turner_et_al1984,
	title = {Mimicry and the Monte Carlo predator: the palatability spectrum and the origins of mimicry},
	author = {Turner,, John R. G. and Kearney,, E.P. and Exton,, L. S.},
	journal = {Biological journal of the Linnean Society},
	volume = {23},
	pages = {247--268},
	year = {1984},
}

@article{turner1988,
	jstor_articletype = {primary_article},
	title = {The Evolution of Mimicry: A Solution to the Problem of Punctuated Equilibrium},
	author = {Turner, John R. G.},
	journal = {The American Naturalist},
	jstor_issuetitle = {Supplement: Mimicry and the Evolutionary Process},
	volume = {131},
	number = {},
	jstor_formatteddate = {Jun., 1988},
	pages = {S42--S66},
	year = {1988},
	publisher = {The University of Chicago Press for The American Society of Naturalists},    
	copyright = {Copyright © 1988 The University of Chicago Press},
}

@article{turner1996,
	title = {Learning and Memory in Mimicry. I. Simulations of Laboratory Experiments},
	author = {Turner, John R. G. and Speed, Michael P.},
	journal = {Philosophical Transactions: Biological Sciences},
	volume = {351},
	number = {1344},
	pages = {1157--1170},
	year = {1996},
}

@book{wickler1986,
	author    = "Wolfgang Wickler",
	title     = "Mimicry in plants and animals",
	year      = "1968",
	publisher = "McGraw-Hill Book Company",
	address   = "Newyork Toronto"
}

@book{poulton1890colours,
  title={The Colours of Animals, Their Meaning and Use, Especially Considered in the Case of Insects;},
  author={E. B. Poulton},
  year={1890},
	publisher = {D. Appleton and Company},
  address={New York}
}

@article{bates1862,
	title = {Contributions to an Bisect Fauna of the Amazon Valley.},
	author = {Bates, Henry Walter},
	journal = {Transactions of the Linnean Society of London},
	volume = {23},
	pages = {495--566},
	year = {1862},
}

@article{muller1879,
	title = {Ituna and Thyridia; a remarkable case of mimicry in butterflies.},
	author = {Muller, F.},
	journal = {Trans. Entomol. Soc. Lond.},
	pages = {xx–-xxix},
	year = {1879},
}

@article{brower1991,
	title = {The viceroy butterfly is not a batesian mimic},
	author = {Ritland, David B. and Brower, Lincoln P.},
	journal = {Nature},
	volume = {350},
	pages = {497--498},
	year = {1991},
}

@article{eldredge1972,
	title = {Punctuated equilibria: an alternative to phyletic gradualism.},
	author = {Eldredge, N. and Gould, S. J.},
	journal = {Models In Paleobiology},
	pages = {82--115},
	year = {1972},
}

@article{gould1977,
 jstor_articletype = {research-article},
 title = {Punctuated Equilibria: The Tempo and Mode of Evolution Reconsidered},
 author = {Gould, Stephen Jay and Eldredge, Niles},
 journal = {Paleobiology},
 jstor_issuetitle = {},
 volume = {3},
 number = {2},
 jstor_formatteddate = {Spring, 1977},
 pages = {pp. 115-151},
 url = {http://www.jstor.org/stable/2400177},
 ISSN = {00948373},
 language = {English},
 year = {1977},
 publisher = {Paleontological Society},
 copyright = {Copyright © 1977 Paleontological Society},
}

@article{sheppard1972,
	title = {Some aspects of the geography, genetics, and taxonomy of a butterfly.},
	author = {Sheppard, P. M.},
	journal = {Taxonomy and geography},
	pages = {135--152},
	year = {1972},
}

@book{ford1964,
	author    = "Ford, E. B.",
	title     = "Ecological genetics",
	year      = "1964",
	publisher = "Methuen",
	address   = "London"
}

@book{cott1957,
	author    = "Cott, H. B.",
	title     = "Adaptive Coloration in Animals.",
	year      = "1957",
	publisher = "Methuen",
	address   = "London"
}

@book{hebb1949,
	author    = "Hebb, D.O.",
	title     = "The Organization of Behavior",
	year      = "1949",
	publisher = "Wiley",
	address   = "New York"
}

@article{turing1948,
	title = {Intelligent machinery},
	author = {Turing, A. M.},
	journal = {Machine Intelligence 7},
	year = {1948},
}

@article{bremermann1962,
	title = {Optimization through evolution and recombination},
	author = {Bremermann, H. J.},
	journal = {Self-Organizing Systems},
	pages = {93--106},	
	year = {1962},
}

@book{rechenberg1973,
	author    = "Rechenberg, Ingo",
	title     = "Evolutionsstrategie – Optimierung technischer Systeme nach Prinzipien der biologischen Evolution",
	year      = "1973",
	publisher = "Fromman-Holzboog",
	address =   "Verlag, Stuttgart"
}

@book{fogel1966,
	author    = "Fogel, L. J. and Owens, A. J. and Walsh, M. J.",
	title     = "Artificial Intelligence Through Simulated Evolution",
	year      = "1966",
	publisher = "John Wiley \& Sons, Inc.",
	address =   "New york"
}

@book{dawkins1996,
    author = {Dawkins, Richard},
    comment = {A tribute to natural selection. The nature is beautiful by itself, not designed.},
    day = {17},
    howpublished = {Paperback},
    isbn = {0393315703},
    keywords = {evolution},
    month = {September},
    posted-at = {2006-07-04 18:58:06},
    priority = {0},
    publisher = {W.W. Norton \& Co.},
    title = {{The Blind Watchmaker: Why the Evidence of Evolution Reveals a Universe without Design}},
    url = {http://www.amazon.com/exec/obidos/redirect?tag=citeulike07-20&path=ASIN/0393315703},
    year = {1996}
}

@inproceedings{sywerda1989,
 author = {Sywerda, Gilbert},
 title = {Uniform crossover in genetic algorithms},
 booktitle = {Proceedings of the third international conference on Genetic algorithms},
 year = {1989},
 isbn = {1-55860-006-3},
 location = {George Mason University, United States},
 pages = {2--9},
 numpages = {8},
 url = {http://portal.acm.org/citation.cfm?id=93126.93133},
 acmid = {93133},
 publisher = {Morgan Kaufmann Publishers Inc.},
 address = {San Francisco, CA, USA},
}

@inproceedings{goldberg1985,
 author = {Goldberg, D. E. and Lingle, R.},
 title = {Alleles, loci, and the traveling salesman problem.},
 booktitle = {Proceedings of the 1st international conference on Genetic algorithms and Their applications},
 year = {1985},
 pages = {154--159},
 publisher = {Lawrence Erlbaum},
 address = {Hillsdale, New Jersey},
}

@inproceedings{baker1987,
 author = {Baker, James E.},
 title = {Reducing bias and inefficiency in the selection algorithm},
 booktitle = {Proceedings of the Second International Conference on Genetic Algorithms on Genetic algorithms and their application},
 year = {1987},
 isbn = {0-8058-0158-8},
 location = {Cambridge, Massachusetts, United States},
 pages = {14--21},
 numpages = {8},
 url = {http://portal.acm.org/citation.cfm?id=42512.42515},
 acmid = {42515},
 publisher = {L. Erlbaum Associates Inc.},
 address = {Hillsdale, NJ, USA},
}

@book{neumann1966,
    address = {Champaign, IL, USA},
    author = {Von Neumann, John},
    citeulike-article-id = {1464418},
    citeulike-linkout-0 = {http://portal.acm.org/citation.cfm?id=1102024},
    editor = {Burks, Arthur W.},
    keywords = {automata, cellular},
    posted-at = {2007-07-18 09:27:53},
    priority = {2},
    publisher = {University of Illinois Press},
    title = {{Theory of Self-Reproducing Automata}},
    url = {http://portal.acm.org/citation.cfm?id=1102024},
    year = {1966}
}

@article{taylor1993,
 author = {Taylor, Charles and Jefferson, David},
 title = {Artificial life as a tool for biological inquiry},
 journal = {Artif. Life},
 volume = {1},
 issue = {1-2},
 month = {January},
 year = {1993},
 issn = {1064-5462},
 pages = {1--13},
 numpages = {13},
 url = {http://dx.doi.org/10.1162/artl.1993.1.1},
 doi = {http://dx.doi.org/10.1162/artl.1993.1.1},
 acmid = {1668016},
 publisher = {MIT Press},
 address = {Cambridge, MA, USA},
 keywords = {artificial life, development, emergent properties, evolution, natural selection, origin of life, wetware},
}

@book{darwin1859,
title = {On the Origin of Species,},
url = {http://www.biodiversitylibrary.org/item/100146},
note = {http://www.biodiversitylibrary.org/bibliography/46292},
publisher = {New York,Literary Classics},
author = {Darwin, Charles},
year = {1859},
pages = {392},
keywords = {Evolution|Natural selection|},
}
